@misc{luoUnderstandingDiffusionModels2022,
  title = {Understanding {{Diffusion Models}}: {{A Unified Perspective}}},
  author = {Luo, Calvin},
  year = {2022}
}

@misc{hoDenoisingDiffusionProbabilistic2020,
  title = {Denoising {{Diffusion Probabilistic Models}}},
  author = {Ho, Jonathan and Jain, Ajay and Abbeel, Pieter},
  year = {2020}
}

@misc{songScoreBasedGenerativeModeling2021,
  title = {Score-{{Based Generative Modeling}} through {{Stochastic Differential Equations}}},
  author = {Song, Yang and {Sohl-Dickstein}, Jascha and Kingma, Diederik P. and Kumar, Abhishek and Ermon, Stefano and Poole, Ben},
  year = {2021}
}

@misc{rombachHighResolutionImageSynthesis2022,
  title = {High-{{Resolution Image Synthesis}} with {{Latent Diffusion Models}}},
  author = {Rombach, Robin and Blattmann, Andreas and Lorenz, Dominik and Esser, Patrick and Ommer, Bj{\"o}rn},
  year = {2022}
}

@article{liDeepReverseAttack2024,
  title = {Deep {{Reverse Attack}} on {{SIFT Features With}} a {{Coarse-to-Fine GAN Model}}},
  author = {Li, Xin and Zhu, Guopu and Wang, Shen and Zhou, Yicong and Zhang, Xinpeng},
  year = {2024},
  journal = {IEEE Transactions on Circuits and Systems for Video Technology},
  volume = {34},
  number = {7},
  pages = {6391--6402},
  doi = {10.1109/TCSVT.2024.3367808}
}

@article{loweDistinctiveImageFeatures2004,
  title = {Distinctive {{Image Features}} from {{Scale-Invariant Keypoints}}},
  author = {Lowe, David G.},
  year = {2004},
  journal = {International Journal of Computer Vision},
  volume = {60},
  number = {2},
  pages = {91--110},
  doi = {10.1023/B:VISI.0000029664.99615.94}
}

@article{8272317,
  title = {{{OS-SIFT}}: A Robust {{SIFT-like}} Algorithm for High-Resolution Optical-to-{{SAR}} Image Registration in Suburban Areas},
  author = {Xiang, Yuming and Wang, Feng and You, Hongjian},
  year = {2018},
  journal = {IEEE Transactions on Geoscience and Remote Sensing},
  volume = {56},
  number = {6},
  pages = {3078--3090},
  doi = {10.1109/TGRS.2018.2790483}
}

@article{2015Content,
  title = {Content Based Image Retrieval},
  author = {Jain, Sahil and Pulaparthi, Kiranmai and Fulara, Chetan},
  year = {2015}
}

@article{9762698,
  title = {Privacy-Preserving Color Image Feature Extraction by Quaternion Discrete Orthogonal Moments},
  author = {Bi, Xiuli and Shuai, Chao and Liu, Bo and Xiao, Bin and Li, Weisheng and Gao, Xinbo},
  year = {2022},
  journal = {IEEE Transactions on Information Forensics and Security},
  volume = {17},
  pages = {1655--1668},
  doi = {10.1109/TIFS.2022.3170268}
}

@article{Qin2014TowardsEP,
  title = {Towards Efficient Privacy-Preserving Image Feature Extraction in Cloud Computing},
  author = {Qin, Zhan and Yan, Jingbo and Ren, Kui and Chen, Changyou and Wang, Cong},
  year = {2014},
  journal = {Proceedings of the 22nd ACM international conference on Multimedia}
}

@article{10214250,
  title = {Secure Outsourced {{SIFT}}: {{Accurate}} and Efficient Privacy-Preserving Image {{SIFT}} Feature Extraction},
  author = {Liu, Xiang and Zhao, Xueli and Xia, Zhihua and Feng, Qian and Yu, Peipeng and Weng, Jian},
  year = {2023},
  journal = {IEEE Transactions on Image Processing},
  volume = {32},
  pages = {4635--4648},
  doi = {10.1109/TIP.2023.3295741}
}

@article{10.1145/3386082,
  title = {Image Privacy Prediction Using Deep Neural Networks},
  author = {Tonge, Ashwini and Caragea, Cornelia},
  year = {2020},
  journal = {ACM Trans. Web},
  volume = {14},
  number = {2},
  publisher = {Association for Computing Machinery},
  address = {New York, NY, USA},
  doi = {10.1145/3386082},
  articleno = {7},
  issue_date = {May 2020}
}

@inproceedings{10.1145/3599589.3599596,
  title = {Secure Image Retrieval Based on Deep Learning in Cloud Computing},
  booktitle = {Proceedings of the 2023 8th International Conference on Multimedia and Image Processing},
  author = {Li, Sijie and Li, Xiehua},
  year = {2023},
  series = {Icmip '23},
  pages = {40--46},
  publisher = {Association for Computing Machinery},
  address = {New York, NY, USA},
  doi = {10.1145/3599589.3599596},
  isbn = {978-1-4503-9958-6}
}

@article{SUN2020102642,
  title = {Security and Privacy Protection in Cloud Computing: {{Discussions}} and Challenges},
  author = {Sun, PanJun},
  year = {2020},
  journal = {Journal of Network and Computer Applications},
  volume = {160},
  pages = {102642},
  doi = {10.1016/j.jnca.2020.102642}
}

@inproceedings{5995616,
  title = {Reconstructing an Image from Its Local Descriptors},
  booktitle = {Cvpr 2011},
  author = {Weinzaepfel, Philippe and J{\'e}gou, Herv{\'e} and P{\'e}rez, Patrick},
  year = {2011},
  pages = {337--344},
  doi = {10.1109/CVPR.2011.5995616}
}

@inproceedings{6460288,
  title = {Beyond Bits: {{Reconstructing}} Images from Local Binary Descriptors},
  booktitle = {Proceedings of the 21st International Conference on Pattern Recognition ({{ICPR2012}})},
  author = {{d'Angelo}, Emmanuel and Alahi, Alexandre and Vandergheynst, Pierre},
  year = {2012},
  pages = {935--938}
}

@inproceedings{Vondrick_2013_ICCV,
  title = {{{HOGgles}}: {{Visualizing}} Object Detection Features},
  booktitle = {Proceedings of the {{IEEE}} International Conference on Computer Vision ({{ICCV}})},
  author = {Vondrick, Carl and Khosla, Aditya and Malisiewicz, Tomasz and Torralba, Antonio},
  year = {2013}
}

@inproceedings{10.1007/978-3-319-58771-4_11,
  title = {Stochastic Image Reconstruction from Local Histograms of Gradient Orientation},
  booktitle = {Scale Space and Variational Methods in Computer Vision},
  author = {Desolneux, Agn{\`e}s and Leclaire, Arthur},
  editor = {Lauze, Fran{\c c}ois and Dong, Yiqiu and Dahl, Anders Bjorholm},
  year = {2017},
  pages = {133--145},
  publisher = {Springer International Publishing},
  address = {Cham},
  isbn = {978-3-319-58771-4}
}

@inproceedings{Kato_2014_CVPR,
  title = {Image Reconstruction from Bag-of-Visual-Words},
  booktitle = {Proceedings of the {{IEEE}} Conference on Computer Vision and Pattern Recognition ({{CVPR}})},
  author = {Kato, Hiroharu and Harada, Tatsuya},
  year = {2014}
}

@inproceedings{Mahendran_2015_CVPR,
  title = {Understanding Deep Image Representations by Inverting Them},
  booktitle = {Proceedings of the {{IEEE}} Conference on Computer Vision and Pattern Recognition ({{CVPR}})},
  author = {Mahendran, Aravindh and Vedaldi, Andrea},
  year = {2015}
}

@inproceedings{Dosovitskiy_2016_CVPR,
  title = {Inverting Visual Representations with Convolutional Networks},
  booktitle = {Proceedings of the {{IEEE}} Conference on Computer Vision and Pattern Recognition ({{CVPR}})},
  author = {Dosovitskiy, Alexey and Brox, Thomas},
  year = {2016}
}

@inproceedings{Pittaluga_2019_CVPR,
  title = {Revealing Scenes by Inverting Structure from Motion Reconstructions},
  booktitle = {Proceedings of the {{IEEE}}/{{CVF}} Conference on Computer Vision and Pattern Recognition ({{CVPR}})},
  author = {Pittaluga, Francesco and Koppal, Sanjeev J. and Kang, Sing Bing and Sinha, Sudipta N.},
  year = {2019}
}

@article{9393327,
  title = {Privacy Leakage of {{SIFT}} Features via Deep Generative Model Based Image Reconstruction},
  author = {Wu, Haiwei and Zhou, Jiantao},
  year = {2021},
  journal = {IEEE Transactions on Information Forensics and Security},
  volume = {16},
  pages = {2973--2985},
  doi = {10.1109/TIFS.2021.3070427}
}

@inproceedings{Pittaluga_2023_ICCV,
  title = {{{LDP-feat}}: {{Image}} Features with Local Differential Privacy},
  booktitle = {Proceedings of the {{IEEE}}/{{CVF}} International Conference on Computer Vision ({{ICCV}})},
  author = {Pittaluga, Francesco and Zhuang, Bingbing},
  year = {2023},
  pages = {17580--17590}
}

@misc{kingmaAutoEncodingVariationalBayes2022,
  title = {Auto-{{Encoding Variational Bayes}}},
  author = {Kingma, Diederik P. and Welling, Max},
  year = {2022}
}

@misc{goodfellowGenerativeAdversarialNetworks2014,
  title = {Generative {{Adversarial Networks}}},
  author = {Goodfellow, Ian J. and {Pouget-Abadie}, Jean and Mirza, Mehdi and Xu, Bing and {Warde-Farley}, David and Ozair, Sherjil and Courville, Aaron and Bengio, Yoshua},
  year = {2014}
}

@inproceedings{sohnLearningStructuredOutput2015,
  title = {Learning {{Structured Output Representation}} Using {{Deep Conditional Generative Models}}},
  booktitle = {Advances in {{Neural Information Processing Systems}}},
  author = {Sohn, Kihyuk and Lee, Honglak and Yan, Xinchen},
  editor = {Cortes, C. and Lawrence, N. and Lee, D. and Sugiyama, M. and Garnett, R.},
  year = {2015},
  volume = {28},
  publisher = {Curran Associates, Inc.}
}

@inproceedings{vandenoordNeuralDiscreteRepresentation2017,
  title = {Neural {{Discrete Representation Learning}}},
  booktitle = {Advances in {{Neural Information Processing Systems}}},
  author = {{van den Oord}, Aaron and Vinyals, Oriol and {kavukcuoglu}, koray},
  editor = {Guyon, I. and Luxburg, U. Von and Bengio, S. and Wallach, H. and Fergus, R. and Vishwanathan, S. and Garnett, R.},
  year = {2017},
  volume = {30},
  publisher = {Curran Associates, Inc.}
}

@misc{arjovskyWassersteinGAN2017,
  title = {Wasserstein {{GAN}}},
  author = {Arjovsky, Martin and Chintala, Soumith and Bottou, L{\'e}on},
  year = {2017}
}

@misc{esserTamingTransformersHighResolution2021,
  title = {Taming {{Transformers}} for {{High-Resolution Image Synthesis}}},
  author = {Esser, Patrick and Rombach, Robin and Ommer, Bj{\"o}rn},
  year = {2021}
}

@inproceedings{songGenerativeModelingEstimating2019,
  title = {Generative {{Modeling}} by {{Estimating Gradients}} of the {{Data Distribution}}},
  booktitle = {Advances in {{Neural Information Processing Systems}}},
  author = {Song, Yang and Ermon, Stefano},
  editor = {Wallach, H. and Larochelle, H. and Beygelzimer, A. and d'{\null} {Alch{\'e}-Buc}, F. and Fox, E. and Garnett, R.},
  year = {2019},
  volume = {32},
  publisher = {Curran Associates, Inc.}
}

@inproceedings{pmlr-v139-radford21a,
  title = {Learning Transferable Visual Models from Natural Language Supervision},
  booktitle = {Proceedings of the 38th International Conference on Machine Learning},
  author = {Radford, Alec and Kim, Jong Wook and Hallacy, Chris and Ramesh, Aditya and Goh, Gabriel and Agarwal, Sandhini and Sastry, Girish and Askell, Amanda and Mishkin, Pamela and Clark, Jack and Krueger, Gretchen and Sutskever, Ilya},
  editor = {Meila, Marina and Zhang, Tong},
  year = {2021-07-18/2021-07-24},
  series = {Proceedings of Machine Learning Research},
  volume = {139},
  pages = {8748--8763},
  publisher = {PMLR}
}

@inproceedings{pmlr-v139-ramesh21a,
  title = {Zero-Shot Text-to-Image Generation},
  booktitle = {Proceedings of the 38th International Conference on Machine Learning},
  author = {Ramesh, Aditya and Pavlov, Mikhail and Goh, Gabriel and Gray, Scott and Voss, Chelsea and Radford, Alec and Chen, Mark and Sutskever, Ilya},
  editor = {Meila, Marina and Zhang, Tong},
  year = {2021-07-18/2021-07-24},
  series = {Proceedings of Machine Learning Research},
  volume = {139},
  pages = {8821--8831},
  publisher = {PMLR}
}

@misc{hu2021loralowrankadaptationlarge,
  title = {{{LoRA}}: {{Low-rank}} Adaptation of Large Language Models},
  author = {Hu, Edward J. and Shen, Yelong and Wallis, Phillip and {Allen-Zhu}, Zeyuan and Li, Yuanzhi and Wang, Shean and Wang, Lu and Chen, Weizhu},
  year = {2021},
  eprint = {2106.09685},
  primaryclass = {cs.CL},
  archiveprefix = {arXiv}
}

@misc{zhang2024mmllmsrecentadvancesmultimodal,
  title = {{{MM-llms}}: {{Recent}} Advances in {{MultiModal}} Large Language Models},
  author = {Zhang, Duzhen and Yu, Yahan and Dong, Jiahua and Li, Chenxing and Su, Dan and Chu, Chenhui and Yu, Dong},
  year = {2024},
  eprint = {2401.13601},
  primaryclass = {cs.CL},
  archiveprefix = {arXiv}
}

@inproceedings{NEURIPS2022_960a172b,
  title = {Flamingo: A Visual Language Model for Few-Shot Learning},
  booktitle = {Advances in Neural Information Processing Systems},
  author = {Alayrac, Jean-Baptiste and Donahue, Jeff and Luc, Pauline and Miech, Antoine and Barr, Iain and Hasson, Yana and Lenc, Karel and Mensch, Arthur and Millican, Katherine and Reynolds, Malcolm and Ring, Roman and Rutherford, Eliza and Cabi, Serkan and Han, Tengda and Gong, Zhitao and Samangooei, Sina and Monteiro, Marianne and Menick, Jacob L and Borgeaud, Sebastian and Brock, Andy and Nematzadeh, Aida and Sharifzadeh, Sahand and Bi{\'n}kowski, Miko{\l}aj and Barreira, Ricardo and Vinyals, Oriol and Zisserman, Andrew and Simonyan, Kar{\'e}n},
  editor = {Koyejo, S. and Mohamed, S. and Agarwal, A. and Belgrave, D. and Cho, K. and Oh, A.},
  year = {2022},
  volume = {35},
  pages = {23716--23736},
  publisher = {Curran Associates, Inc.}
}
