% !Mode:: "TeX:UTF-8"

@INPROCEEDINGS{cnproceed,
	author    = {王重阳 and 黄药师 and 欧阳峰 and 洪七公 and 段皇帝},
	title     = {武林高手从入门到精通},
	booktitle = {第~$N$~次华山论剑},
	year      = 2006,
	address   = {西安, 中国},
	month     = sep,
	language   ="zh",
}

@ARTICLE{cnarticle,
	AUTHOR  = "贾宝玉 and 林黛玉 and 薛宝钗 and 贾探春",
	TITLE   = "论刘姥姥食量大如牛之现实意义",
	JOURNAL = "红楼梦杂谈",
	PAGES   = "260-266",
	VOLUME  = "224",
	YEAR    = "1800",
	language   ="zh",
}


@inbook{Lin1992,
	language   ="zh",
	AUTHOR     = "林来兴",
	TITLE      = "空间控制技术",
	PUBLISHER  = "宇航出版社",
	YEAR       = "1992",
	Pages      = "25-42",
	ADDRESS    = "北京",
}

@book{xin1994,
	language   ="zh",
	title={信息技术与信息服务国际研讨会论文集},
	author={辛希孟 and 中国科学院文献信息中心 and 孟广均 and 信息学},
	year={1994},
	publisher={中国社会科学出版社},
	pages={45-49},
	address={北京},
	typeoflit={C},
}

@book{zhao1998,
	language   ="zh",
	title={新时代的工业工程师},
	author={赵耀东},
	year={1998},
	citedate =     {1998-09-26},
	address={台北},
	publisher={天下文化出版社},
	url={http://www.ie.nthu.edu.tw/info/ie.newie.htm(Big5)},
	typeoflit={M/OL},
}

@phdthesis{Chen1992,
	language   ="zh",
	Author = {谌颖},
	Title = {空间最优交会控制理论与方法研究},
	ADDRESS    = "哈尔滨",
	School = {哈尔滨工业大学},
	Year = {1992},
	pages= {8-13},
}

@article{hithesis2017,
	title={Hi!Thesis!,Harbin Institue of Technology},
	author={Yanshuo Chu},
	journal={Github},
	volume={001},
	number={0001},
	pages={000-999},
	year={2017},
}

@article{liDeepReverseAttack2024,
  title = {Deep {{Reverse Attack}} on {{SIFT Features With}} a {{Coarse-to-Fine GAN Model}}},
  author = {Li, Xin and Zhu, Guopu and Wang, Shen and Zhou, Yicong and Zhang, Xinpeng},
  year = {2024},
  journal = {IEEE Transactions on Circuits and Systems for Video Technology},
  volume = {34},
  number = {7},
  pages = {6391--6402},
  doi = {10.1109/TCSVT.2024.3367808}
}

@article{loweDistinctiveImageFeatures2004,
  title = {Distinctive {{Image Features}} from {{Scale-Invariant Keypoints}}},
  author = {Lowe, David G.},
  year = {2004},
  journal = {International Journal of Computer Vision},
  volume = {60},
  number = {2},
  pages = {91--110},
  doi = {10.1023/B:VISI.0000029664.99615.94}
}

@article{8272317,
  title = {{{OS-SIFT}}: A Robust {{SIFT-like}} Algorithm for High-Resolution Optical-to-{{SAR}} Image Registration in Suburban Areas},
  author = {Xiang, Yuming and Wang, Feng and You, Hongjian},
  year = {2018},
  journal = {IEEE Transactions on Geoscience and Remote Sensing},
  volume = {56},
  number = {6},
  pages = {3078--3090},
  doi = {10.1109/TGRS.2018.2790483}
}

@article{2015Content,
  title = {Content Based Image Retrieval},
  author = {Jain, Sahil and Pulaparthi, Kiranmai and Fulara, Chetan},
  year = {2015}
}

@article{9762698,
  title = {Privacy-Preserving Color Image Feature Extraction by Quaternion Discrete Orthogonal Moments},
  author = {Bi, Xiuli and Shuai, Chao and Liu, Bo and Xiao, Bin and Li, Weisheng and Gao, Xinbo},
  year = {2022},
  journal = {IEEE Transactions on Information Forensics and Security},
  volume = {17},
  pages = {1655--1668},
  doi = {10.1109/TIFS.2022.3170268}
}

@article{Qin2014TowardsEP,
  title = {Towards Efficient Privacy-Preserving Image Feature Extraction in Cloud Computing},
  author = {Qin, Zhan and Yan, Jingbo and Ren, Kui and Chen, Changyou and Wang, Cong},
  year = {2014},
  journal = {Proceedings of the 22nd ACM international conference on Multimedia}
}

@article{10214250,
  title = {Secure Outsourced {{SIFT}}: {{Accurate}} and Efficient Privacy-Preserving Image {{SIFT}} Feature Extraction},
  author = {Liu, Xiang and Zhao, Xueli and Xia, Zhihua and Feng, Qian and Yu, Peipeng and Weng, Jian},
  year = {2023},
  journal = {IEEE Transactions on Image Processing},
  volume = {32},
  pages = {4635--4648},
  doi = {10.1109/TIP.2023.3295741}
}

@article{10.1145/3386082,
  title = {Image Privacy Prediction Using Deep Neural Networks},
  author = {Tonge, Ashwini and Caragea, Cornelia},
  year = {2020},
  journal = {ACM Trans. Web},
  volume = {14},
  number = {2},
  publisher = {Association for Computing Machinery},
  address = {New York, NY, USA},
  doi = {10.1145/3386082},
  articleno = {7},
  issue_date = {May 2020}
}

@inproceedings{10.1145/3599589.3599596,
  title = {Secure Image Retrieval Based on Deep Learning in Cloud Computing},
  booktitle = {Proceedings of the 2023 8th International Conference on Multimedia and Image Processing},
  author = {Li, Sijie and Li, Xiehua},
  year = {2023},
  series = {Icmip '23},
  pages = {40--46},
  publisher = {Association for Computing Machinery},
  address = {New York, NY, USA},
  doi = {10.1145/3599589.3599596},
  isbn = {978-1-4503-9958-6}
}

@article{SUN2020102642,
  title = {Security and Privacy Protection in Cloud Computing: {{Discussions}} and Challenges},
  author = {Sun, PanJun},
  year = {2020},
  journal = {Journal of Network and Computer Applications},
  volume = {160},
  pages = {102642},
  doi = {10.1016/j.jnca.2020.102642}
}

@article{luoUnderstandingDiffusionModels2022,
  title = {Understanding {{Diffusion Models}}: {{A Unified Perspective}}},
  author = {Luo, Calvin},
  year = {2022}
}

@inproceedings{5995616,
  title = {Reconstructing an Image from Its Local Descriptors},
  booktitle = {Cvpr 2011},
  author = {Weinzaepfel, Philippe and J{\'e}gou, Herv{\'e} and P{\'e}rez, Patrick},
  year = {2011},
  pages = {337--344},
  doi = {10.1109/CVPR.2011.5995616}
}
